<record xmlns="http://www.loc.gov/MARC21/slim" xmlns:xsi="http://www.w3.org/2001/XMLSchema-instance" xsi:schemaLocation="http://www.loc.gov/MARC21/slim http://www.loc.gov/standards/marcxml/schema/MARC21slim.xsd"><leader>00794cz   2200229n  4500</leader><controlfield tag="001">oca00796439 </controlfield><controlfield tag="003">OCoLC</controlfield><controlfield tag="005">20051018181330.0</controlfield><controlfield tag="008">821127n| acannaab           |a aaa      </controlfield><datafield ind1=" " ind2=" " tag="010"><subfield code="a">n  82099874 </subfield></datafield><datafield ind1=" " ind2=" " tag="040"><subfield code="a">DLC</subfield><subfield code="c">DLC</subfield><subfield code="d">DLC</subfield></datafield><datafield ind1=" " ind2="0" tag="053"><subfield code="a">PA8420.S2</subfield></datafield><datafield ind1="0" ind2="0" tag="100"><subfield code="a">Sedulius,</subfield><subfield code="c">Scotus,</subfield><subfield code="d">fl. 848-860</subfield></datafield><datafield ind1="0" ind2="0" tag="400"><subfield code="w">nnaa</subfield><subfield code="a">Sedulius Scotus,</subfield><subfield code="d">9th cent.</subfield></datafield><datafield ind1="1" ind2="0" tag="400"><subfield code="a">Scotus, Sedulius,</subfield><subfield code="d">fl. 848-860</subfield></datafield><datafield ind1="1" ind2="0" tag="400"><subfield code="a">Scottus, Sedulius,</subfield><subfield code="d">fl. 848-860</subfield></datafield><datafield ind1="0" ind2="0" tag="400"><subfield code="a">Sedulius,</subfield><subfield code="c">de LieÌ&#x80;ge,</subfield><subfield code="d">fl. 848-860</subfield></datafield><datafield ind1="1" ind2="0" tag="400"><subfield code="a">LieÌ&#x80;ge, Sedulius de,</subfield><subfield code="d">fl. 848-860</subfield></datafield><datafield ind1=" " ind2=" " tag="670"><subfield code="a">Author's Sedulius Scottus, von S. ... 1966.</subfield></datafield><datafield ind1=" " ind2=" " tag="670"><subfield code="a">Encyc. Brit., c1978</subfield><subfield code="b">(Sedulius Scottus, fl. ca. AD 848-860 or 874?)</subfield></datafield><datafield ind1=" " ind2=" " tag="670"><subfield code="a">BM, c1964</subfield><subfield code="b">(Sedulius, Scotus)</subfield></datafield><datafield ind1=" " ind2=" " tag="670"><subfield code="a">New Cath. encyc., c1967</subfield><subfield code="b">(Sedulius Scotus, fl. 848-858)</subfield></datafield></record>